<?xml version="1.0" encoding="UTF-8"?>
  <record xmlns="http://www.loc.gov/MARC21/slim" type="Authority">
    <leader>00000nz  a2200000nc 4500</leader>
    <controlfield tag="001">129907405</controlfield>
    <controlfield tag="003">DE-101</controlfield>
    <controlfield tag="005">20220310174056.0</controlfield>
    <controlfield tag="008">050406n||aznnnaabn           | aaa    |c</controlfield>
    <datafield tag="024" ind1="7" ind2=" ">
      <subfield code="a">129907405</subfield>
      <subfield code="0">http://d-nb.info/gnd/129907405</subfield>
      <subfield code="2">gnd</subfield>
    </datafield>
    <datafield tag="035" ind1=" " ind2=" ">
      <subfield code="a">(DE-101)129907405</subfield>
    </datafield>
    <datafield tag="035" ind1=" " ind2=" ">
      <subfield code="a">(DE-588)129907405</subfield>
    </datafield>
    <datafield tag="035" ind1=" " ind2=" ">
      <subfield code="z">(DE-588)1090214154</subfield>
    </datafield>
    <datafield tag="035" ind1=" " ind2=" ">
      <subfield code="z">(DE-588a)129907405</subfield>
      <subfield code="9">v:zg</subfield>
    </datafield>
    <datafield tag="040" ind1=" " ind2=" ">
      <subfield code="a">DE-23</subfield>
      <subfield code="c">DE-23</subfield>
      <subfield code="9">r:DE-601</subfield>
      <subfield code="b">ger</subfield>
      <subfield code="d">9999</subfield>
    </datafield>
    <datafield tag="042" ind1=" " ind2=" ">
      <subfield code="a">gnd1</subfield>
    </datafield>
    <datafield tag="043" ind1=" " ind2=" ">
      <subfield code="c">XA-DE</subfield>
    </datafield>
    <datafield tag="075" ind1=" " ind2=" ">
      <subfield code="b">p</subfield>
      <subfield code="2">gndgen</subfield>
    </datafield>
    <datafield tag="075" ind1=" " ind2=" ">
      <subfield code="b">piz</subfield>
      <subfield code="2">gndspec</subfield>
    </datafield>
    <datafield tag="079" ind1=" " ind2=" ">
      <subfield code="a">g</subfield>
      <subfield code="q">a</subfield>
      <subfield code="q">f</subfield>
      <subfield code="u">v</subfield>
      <subfield code="u">w</subfield>
      <subfield code="u">o</subfield>
    </datafield>
    <datafield tag="100" ind1="1" ind2=" ">
      <subfield code="a">Seitz, Alexander</subfield>
      <subfield code="d">1470-1545</subfield>
    </datafield>
    <datafield tag="375" ind1=" " ind2=" ">
      <subfield code="a">1</subfield>
      <subfield code="2">iso5218</subfield>
    </datafield>
    <datafield tag="400" ind1="1" ind2=" ">
      <subfield code="a">Seytz, Alexander</subfield>
      <subfield code="d">1470-1545</subfield>
    </datafield>
    <datafield tag="400" ind1="1" ind2=" ">
      <subfield code="a">Sytz, Alexander</subfield>
      <subfield code="d">1470-1545</subfield>
    </datafield>
    <datafield tag="400" ind1="1" ind2=" ">
      <subfield code="a">Sitz, Alexander</subfield>
      <subfield code="d">1470-1545</subfield>
    </datafield>
    <datafield tag="500" ind1="1" ind2=" ">
      <subfield code="0">(DE-101)119841630</subfield>
      <subfield code="0">(DE-588)119841630</subfield>
      <subfield code="0">https://d-nb.info/gnd/119841630</subfield>
      <subfield code="a">Strübin, Leonhard</subfield>
      <subfield code="d">1500-1582</subfield>
      <subfield code="4">beza</subfield>
      <subfield code="4">https://d-nb.info/standards/elementset/gnd#acquaintanceshipOrFriendship</subfield>
      <subfield code="w">r</subfield>
      <subfield code="i">Bekanntschaft</subfield>
      <subfield code="e">Bekanntschaft</subfield>
      <subfield code="9">v:VD-16 Mitverf.</subfield>
    </datafield>
    <datafield tag="500" ind1="0" ind2=" ">
      <subfield code="0">(DE-101)119602563</subfield>
      <subfield code="0">(DE-588)119602563</subfield>
      <subfield code="0">https://d-nb.info/gnd/119602563</subfield>
      <subfield code="a">A.H.</subfield>
      <subfield code="4">beza</subfield>
      <subfield code="4">https://d-nb.info/standards/elementset/gnd#acquaintanceshipOrFriendship</subfield>
      <subfield code="w">r</subfield>
      <subfield code="i">Bekanntschaft</subfield>
      <subfield code="e">Bekanntschaft</subfield>
      <subfield code="9">v:VD-16 Mitverf.</subfield>
    </datafield>
    <datafield tag="548" ind1=" " ind2=" ">
      <subfield code="a">1470-1545</subfield>
      <subfield code="4">datl</subfield>
      <subfield code="4">https://d-nb.info/standards/elementset/gnd#dateOfBirthAndDeath</subfield>
      <subfield code="w">r</subfield>
      <subfield code="i">Lebensdaten</subfield>
      <subfield code="9">v:Angaben ca.</subfield>
    </datafield>
    <datafield tag="550" ind1=" " ind2=" ">
      <subfield code="0">(DE-101)040031578</subfield>
      <subfield code="0">(DE-588)4003157-3</subfield>
      <subfield code="0">https://d-nb.info/gnd/4003157-3</subfield>
      <subfield code="a">Arzt</subfield>
      <subfield code="4">berc</subfield>
      <subfield code="4">https://d-nb.info/standards/elementset/gnd#professionOrOccupation</subfield>
      <subfield code="w">r</subfield>
      <subfield code="i">Charakteristischer Beruf</subfield>
    </datafield>
    <datafield tag="550" ind1=" " ind2=" ">
      <subfield code="0">(DE-101)041402413</subfield>
      <subfield code="0">(DE-588)4140241-8</subfield>
      <subfield code="0">https://d-nb.info/gnd/4140241-8</subfield>
      <subfield code="a">Dramatiker</subfield>
      <subfield code="4">beru</subfield>
      <subfield code="4">https://d-nb.info/standards/elementset/gnd#professionOrOccupation</subfield>
      <subfield code="w">r</subfield>
      <subfield code="i">Beruf</subfield>
    </datafield>
    <datafield tag="551" ind1=" " ind2=" ">
      <subfield code="0">(DE-101)040374432</subfield>
      <subfield code="0">(DE-588)4037443-9</subfield>
      <subfield code="0">https://d-nb.info/gnd/4037443-9</subfield>
      <subfield code="a">Marbach am Neckar</subfield>
      <subfield code="4">ortg</subfield>
      <subfield code="4">https://d-nb.info/standards/elementset/gnd#placeOfBirth</subfield>
      <subfield code="w">r</subfield>
      <subfield code="i">Geburtsort</subfield>
    </datafield>
    <datafield tag="667" ind1=" " ind2=" ">
      <subfield code="a">12</subfield>
    </datafield>
    <datafield tag="667" ind1=" " ind2=" ">
      <subfield code="a">7</subfield>
    </datafield>
    <datafield tag="667" ind1=" " ind2=" ">
      <subfield code="a">VD-16</subfield>
    </datafield>
    <datafield tag="667" ind1=" " ind2=" ">
      <subfield code="a">VD-17</subfield>
    </datafield>
    <datafield tag="670" ind1=" " ind2=" ">
      <subfield code="a">LCAuth</subfield>
    </datafield>
    <datafield tag="670" ind1=" " ind2=" ">
      <subfield code="a">Krivatsy</subfield>
    </datafield>
    <datafield tag="670" ind1=" " ind2=" ">
      <subfield code="a">DbA I 1173,308;II 1215,32;III 846,417-420</subfield>
    </datafield>
    <datafield tag="670" ind1=" " ind2=" ">
      <subfield code="a">ADB</subfield>
      <subfield code="u">https://www.deutsche-biographie.de/sfz79977.html#adbcontent</subfield>
    </datafield>
    <datafield tag="670" ind1=" " ind2=" ">
      <subfield code="a">Wikipedia</subfield>
      <subfield code="u">https://de.wikipedia.org/wiki/Alexander_Seitz_(Mediziner)</subfield>
    </datafield>
    <datafield tag="672" ind1=" " ind2="0">
      <subfield code="a">Menschlichs Lebens Art</subfield>
      <subfield code="f">1516</subfield>
    </datafield>
    <datafield tag="672" ind1=" " ind2="0">
      <subfield code="a">Ein nutzlich regiment wider die bösen Franzosen</subfield>
      <subfield code="f">1509</subfield>
    </datafield>
    <datafield tag="672" ind1=" " ind2="0">
      <subfield code="a">Ein schöner nützlicher Tractat von Aderlassen</subfield>
      <subfield code="f">1520</subfield>
    </datafield>
    <datafield tag="672" ind1=" " ind2="0">
      <subfield code="a">Ein nutzlicher tractat, Beschriben dem gemainen menschen ..</subfield>
      <subfield code="f">1527</subfield>
    </datafield>
    <datafield tag="672" ind1=" " ind2="0">
      <subfield code="a">Eyn nutzlicher Tractat von der aderlaß</subfield>
      <subfield code="f">1529</subfield>
    </datafield>
    <datafield tag="672" ind1=" " ind2="0">
      <subfield code="a">Eyn nutzlicher Tractat von der aderlaß</subfield>
      <subfield code="f">1530</subfield>
    </datafield>
    <datafield tag="672" ind1=" " ind2="0">
      <subfield code="a">Ein schöner tractat, darinnen begriffen ist die Art und ursach ... - [ca. 1515]</subfield>
    </datafield>
    <datafield tag="672" ind1=" " ind2="0">
      <subfield code="a">Ain schöner Tractat von dem Saturnischen gschoß der Pestilentz. - 1521 - 1522</subfield>
    </datafield>
    <datafield tag="672" ind1=" " ind2="0">
      <subfield code="a">Ein schöner Tractat von dem Saturnischen Geschoß der Pestilenz</subfield>
      <subfield code="f">1521</subfield>
    </datafield>
    <datafield tag="672" ind1=" " ind2="0">
      <subfield code="a">Seitz, Alexander: Oberbaden im Ergoew der Eydgnoschafft Erstlich Menschlichs lebens Art vnd Vrsprung vnd ...  1576.  (VD16 S 5390)</subfield>
    </datafield>
    <datafield tag="672" ind1=" " ind2="0">
      <subfield code="a">Seitz, Alexander: Dem Fursichtigen Ersamen vnd weysen Burgermaister vnd Ratte der loblichen Statt München ...  1520.  (VD16 S 5383)</subfield>
    </datafield>
    <datafield tag="672" ind1=" " ind2="0">
      <subfield code="a">Seitz, Alexander: Ain Warnung des Sündtfluss oder erschrockenlichen wassers Des xxiiij.jars auß natürlicher art ...  1521.  (VD16 S 5397)</subfield>
    </datafield>
    <datafield tag="672" ind1=" " ind2="0">
      <subfield code="a">Seitz, Alexander: Ain Warnung des Sündtfluss oder erschrockenlichen wassers Des xxiiij.jars auß natürlicher art ...  1520.  (VD16 S 5396)</subfield>
    </datafield>
    <datafield tag="672" ind1=" " ind2="0">
      <subfield code="a">Seitz, Alexander: Ein Tragedi Das ist ein Spile seines anfangs voller freuden aber mit seer leydigem ...  1560.  (VD16 S 5395)</subfield>
    </datafield>
    <datafield tag="672" ind1=" " ind2="0">
      <subfield code="a">Seitz, Alexander: Eyn Warnug des Sundtflus oder erschrockenlichen wassers Ses xxiiij iars auss natuerlicher art des ...  1521.  (VD16 S 5400)</subfield>
    </datafield>
    <datafield tag="672" ind1=" " ind2="0">
      <subfield code="a">Seitz, Alexander: Ain schoner Tractat von dem Saturnischẽ gschoß der Pestilentz mit ettlichen kl°ugen ...  1521/1522.  (VD16 S 5394)</subfield>
    </datafield>
    <datafield tag="672" ind1=" " ind2="0">
      <subfield code="a">Seitz, Alexander: Ein schoner tractat darjnnen begriffen ist Die art vnnd vrsach des Traümes Wañ jme ...  1515.  (VD16 S 5393)</subfield>
    </datafield>
    <datafield tag="672" ind1=" " ind2="0">
      <subfield code="a">Seitz, Alexander: Ein nutzlich regiment vuider die bosen frantzosen mit etlichẽ cl°ugen fragstucken durch meister ...  1509.  (VD16 S 5392)</subfield>
    </datafield>
    <datafield tag="672" ind1=" " ind2="0">
      <subfield code="a">Seitz, Alexander: Eyn nutzlicher Tractat Beschriben dem gemeinen menschen von der aderlasz wem es gut sey ...  1529.  (VD16 S 5386)</subfield>
    </datafield>
    <datafield tag="678" ind1=" " ind2=" ">
      <subfield code="b">Deutscher Mediziner und Dramatiker; studierte Theologie und Medizin in Tübingen; Arzt in Wildbad und Marbach; beteiligt am Aufstand des "Armen Konrad", Exulant in München, Basel und Straßburg</subfield>
    </datafield>
    <datafield tag="913" ind1=" " ind2=" ">
      <subfield code="S">pnd</subfield>
      <subfield code="i">a</subfield>
      <subfield code="a">Seitz, Alexander</subfield>
      <subfield code="0">(DE-588a)129907405</subfield>
    </datafield>
  </record>
